@misc{ivanbuetler,
   author    = {Ivan Buetler},
   title     = {CyDef},
   year      = {2024},
   howpublished = {CyDef Lecture},
   note      = {OST, 2024}
}